@book{oksendal2013stochastic,
  title={Stochastic differential equations: an introduction with applications},
  author={Oksendal, Bernt},
  year={2013},
  publisher={Springer Science \& Business Media}
}

@book{evans2012introduction,
  title={An introduction to stochastic differential equations},
  author={Evans, Lawrence C},
  volume={82},
  year={2012},
  publisher={American Mathematical Soc.}
}

@misc{wiki:Kalman_filter,
   author = "Wikipedia",
   title = "{Kalman filter} --- {W}ikipedia{,} The Free Encyclopedia",
   year = "2022",
   howpublished = {\url{http://en.wikipedia.org/w/index.php?title=Kalman\%20filter&oldid=1091166052}},
   note = "[Online; accessed 06-July-2022]"
 }
 
@misc{texexchange:brownian-tikz,
    TITLE = "How to draw Brownian motions in tikz/pgf",
    AUTHOR = "Jake",
    howpublished = {\url{https://tex.stackexchange.com/a/59934}},
   note = "[Acesso em: 07/07/2022]"
}