@book{oksendal2013stochastic,
  title={Stochastic differential equations: an introduction with applications},
  author={Oksendal, Bernt},
  year={2013},
  publisher={Springer Science \& Business Media}
}

@book{evans2012introduction,
  title={An introduction to stochastic differential equations},
  author={Evans, Lawrence C},
  volume={82},
  year={2012},
  publisher={American Mathematical Soc.}
}

@book{klebaner2012introduction,
  title={Introduction to stochastic calculus with applications},
  author={Klebaner, Fima C},
  year={2012},
  publisher={World Scientific Publishing Company}
}

@book{durrett2019probability,
  title={Probability: theory and examples},
  author={Durrett, Rick},
  volume={49},
  year={2019},
  publisher={Cambridge university press}
}

@book{shreve2004stochastic,
  title={Stochastic calculus for finance II: Continuous-time models},
  author={Shreve, Steven E and others},
  volume={11},
  year={2004},
  publisher={Springer}
}

@misc{wiki:Kalman_filter,
   author = "Wikipedia",
   title = "{Kalman filter} --- {W}ikipedia{,} The Free Encyclopedia",
   year = "2022",
   howpublished = {\url{http://en.wikipedia.org/w/index.php?title=Kalman\%20filter&oldid=1091166052}},
   note = "[Online; accessed 06-July-2022]"
 }
 
@misc{texexchange:brownian-tikz,
    TITLE = "How to draw Brownian motions in tikz/pgf",
    AUTHOR = "Jake",
    howpublished = {\url{https://tex.stackexchange.com/a/59934}},
   note = "[Acesso em: 07/07/2022]"
}

@book{gard1988introduction,
  title={Introduction to Stochastic Differential Equations},
  author={Gard, Thomas C},
  year={1988},
  publisher={Dekker, Inc}
}
